<collection xmlns="http://www.loc.gov/MARC21/slim">
<record>
  <leader>01324nam0a2200289 i 450 </leader>
  <controlfield tag="001">IT\ICCU\CNCE\012115</controlfield>
  <controlfield tag="005">20070517000000.0</controlfield>
  <datafield tag="012" ind1=" " ind2=" ">
    <subfield code="a">5614 5218 a,a. teno (3) 1585 (R)</subfield>
    <subfield code="2">fei</subfield>
    <subfield code="9">1</subfield>
  </datafield>
  <datafield tag="012" ind1=" " ind2=" ">
    <subfield code="a">5614 5218 dor- inve (3) 1585 (R)</subfield>
    <subfield code="2">fei</subfield>
    <subfield code="9">2</subfield>
  </datafield>
  <datafield tag="100" ind1=" " ind2=" ">
    <subfield code="a">19970101d1585        0itac0103    ba</subfield>
  </datafield>
  <datafield tag="101" ind1=" " ind2=" ">
    <subfield code="a">LAT</subfield>
  </datafield>
  <datafield tag="102" ind1=" " ind2=" ">
    <subfield code="a">IT</subfield>
  </datafield>
  <datafield tag="200" ind1="1" ind2=" ">
    <subfield code="a">Breuiarii S. Barbarae Gregorii XIII pont. max. auctoritate approbati. Pars prima \-secunda!</subfield>
  </datafield>
  <datafield tag="210" ind1=" " ind2=" ">
    <subfield code="a">Mantuae</subfield>
    <subfield code="c">ex officina Francisci Osanae</subfield>
    <subfield code="d">1585</subfield>
    <subfield code="e">Mantuae</subfield>
    <subfield code="g">ex officina Francisci Osanae</subfield>
    <subfield code="h">1585</subfield>
  </datafield>
  <datafield tag="215" ind1=" " ind2=" ">
    <subfield code="a">2 v.</subfield>
    <subfield code="d">4ʻ</subfield>
  </datafield>
  <datafield tag="620" ind1=" " ind2=" ">
    <subfield code="a">IT</subfield>
    <subfield code="d">Mantova</subfield>
  </datafield>
  <datafield tag="710" ind1="0" ind2="2">
    <subfield code="a">Chiesa di S. Barbara</subfield>
    <subfield code="c"> &lt;Mantova&gt;</subfield>
    <subfield code="3">3280</subfield>
  </datafield>
  <datafield tag="712" ind1="0" ind2="0">
    <subfield code="a">Osanna, Francesco</subfield>
    <subfield code="3">IT\ICCU\CNCT\000504</subfield>
    <subfield code="4">650</subfield>
  </datafield>
  <datafield tag="791" ind1="0" ind2="0">
    <subfield code="a">Osanna, Francesco Bernardino</subfield>
    <subfield code="3">IT\ICCU\CNCT\002263</subfield>
    <subfield code="z">Osanna, Francesco</subfield>
  </datafield>
  <datafield tag="791" ind1="0" ind2="0">
    <subfield code="a">Osana, Franciscus</subfield>
    <subfield code="3">IT\ICCU\CNCT\005166</subfield>
    <subfield code="z">Osanna, Francesco</subfield>
  </datafield>
  <datafield tag="791" ind1="0" ind2="0">
    <subfield code="a">Osana, Francesco Bernardino</subfield>
    <subfield code="3">IT\ICCU\CNCT\005167</subfield>
    <subfield code="z">Osanna, Francesco</subfield>
  </datafield>
  <datafield tag="801" ind1=" " ind2="3">
    <subfield code="a">IT</subfield>
    <subfield code="b">ICCU</subfield>
    <subfield code="c">20201113</subfield>
  </datafield>
  <datafield tag="899" ind1=" " ind2=" ">
    <subfield code="a">Biblioteca del Seminario vescovile. Acqui Terme</subfield>
    <subfield code="1">AL0130</subfield>
    <subfield code="2">TO0 GZ</subfield>
  </datafield>
  <datafield tag="899" ind1=" " ind2=" ">
    <subfield code="a">Biblioteca nazionale Braidense. Milano</subfield>
    <subfield code="1">MI0185</subfield>
    <subfield code="2">MIL NB</subfield>
  </datafield>
  <datafield tag="899" ind1=" " ind2=" ">
    <subfield code="a">Biblioteca e Archivio del Capitolo metropolitano. Milano</subfield>
    <subfield code="1">MI0489</subfield>
    <subfield code="2">PBE C0</subfield>
  </datafield>
  <datafield tag="899" ind1=" " ind2=" ">
    <subfield code="a">Biblioteca universitaria. Pavia</subfield>
    <subfield code="1">PV0291</subfield>
    <subfield code="2">MIL UP</subfield>
  </datafield>
  <datafield tag="899" ind1=" " ind2=" ">
    <subfield code="a">Biblioteca nazionale centrale. Roma</subfield>
    <subfield code="1">RM0267</subfield>
    <subfield code="2">BVE CR</subfield>
  </datafield>
</record>
</collection>
